@article{greenwade93,
    author  = "George D. Greenwade",
    title   = "The {C}omprehensive {T}ex {A}rchive {N}etwork ({CTAN})",
    year    = "1993",
    journal = "TUGBoat",
    volume  = "14",
    number  = "3",
    pages   = "342--351"
}
@article{einstein,
    author =       "S. Deepak and P. M. Ameer",
    title =        "{‚ÄùBrain tumour classification using deep
CNN features via transfer learning}. ({German})
        [{On} the electrodynamics of moving bodies]",
    journal =      "Annalen der Physik",
    volume =       "111",
    number =       "10",
    pages =        "891--921",
    year =         "",
    DOI =          "http://dx.doi.org/10.1002/andp.19053221004"
}